@BOOK{奥村_黒木201310',
title={[改定第6版] LaTeX2 ε 美文書作成入門 },
author={奥村 晴彦 and 黒木 祐介},
publisher={技術評論社},
year={2013},
month={10},
edition={改訂第6},
isbn={9784774160450},
url={http://amazon.co.jp/o/ASIN/4774160458/},
price={￥ 3,360},
totalpages={432},
timestamp={2014.03.13},
}
@article{journals/mst/Knuth68,
added-at = {2012-10-23T00:00:00.000+200},
auther = {Knuth, Donald E.},
biburl = {http://www.bibsonomy.org/bibtex/22a743a96c1aa4396429a93711debb85f/dblp},
ee = {http://dx.doi.org/10.1007/BF01692511},
interhash = {7f150ff9e452cd3e51eec4e2a4905323},
interhash = {2a743a96c1aa4396429a93711debb85f},
journal = {Mathematical Systems Theory},
keywords = {dblp},
note = {Correction: Mathematical Systems Theory 5(1): 95-96 (1971)},
number =2,
pages = {127-145},
timestamp = {2012-10-24T11:33:31.000+0200},
title ={Semantics of Context-Free Languages.},
url = {http://dblp.uni-trier.de/db/journals/mst/mst2.html#Knuth68},
volume =2,
year=1968
}