@book{def_t,
title="著作権とは何か―文化と創造のゆくえ"
author="福井 健策",
publisher="集英社",
year="2015/5",
volume="221pages",

}

@misc{def_t_r,
title="著作権法 第二条",
publisher="e-Gov",
howpublished="\url{http://law.e-gov.go.jp/htmldata/S45/S45HO048.html}"
}

@misc{def_diff,
title="OSSとパブリックドメインソフトウェアの違い",
publisher="ITパスポート試験ドットコム",
howpublished="\url{http://www.itpassportsiken.com/bbs/0705.html}"
}

@misc{def_oss,
title="オープンソースソフトウェア 彼らはいかにしてビジネススタンダードになったのか"
publisher="株式会社オライリー・ジャパン"
howpublished="url{http://www.oreilly.co.jp/BOOK/osp/OpenSource_Web_Version/contents/contents.html}"
}

@misc{def_pds,
title="パブリックドメインソフトウェア",
publisher="OSS用語 Weblio辞書"
howpublished="\url{http://www.weblio.jp/content/パブリックドメインソフトウェア}"
}

@misc{def_time,
title="著作権の保護期間はどれだけ？",
publisher="CRIC",
howpublished="\url{http://www.cric.or.jp/qa/hajime/hajime3.html}"
}

@misc{def_tokkyo,
title="ソフトウェア特許の保護期間20年は長過ぎ？",
author="大津心",
publisher="NewsInsight",
howpublished="\url{http://www.atmarkit.co.jp/news/200510/07/osdn.html}"
}

@misc{def_his,
title="著作権の歴史",
publisher="フリー百科辞典 ウィキペディア日本語版",
year=" 2016年5月12日 (木) 20:54 UTC",
howpublished="\url{https://ja.wikipedia.org/wiki/著作権の歴史}"
}

@misc{def_eng,
title="コンピュータ・プログラムに係る著作権問題に関する調査研究協力者会議報告書─既存プログラムの調査・解析等について─",
publisher="CRIC",
howpublished="\url{http://www.cric.or.jp/db/report/h6_5/h6_5\_main.html#4_2}"
}


@misc{def_re,
title="TPPによる著作権法の変更について",
publisher="山田 太郎",
howpublished="\url{http://www.huffingtonpost.jp/taro-yamada/tpp-copyright-law_b_9509084.html}"
}


@misc{def_m_o,
title="オープンソースソフトウェア",
publisher="フリー百科辞典 ウィキペディア日本語版",
year="2016年5月10日 (火) 06:07 UTC",
howpublished="\url{https://ja.wikipedia.org/wiki/オープンソースソフトウェア}"
}
